% Core References for Canonical Bernoulli Type Papers

% Classic Papers
@article{bloom1970,
  author = {Bloom, Burton H.},
  title = {Space/Time Trade-offs in Hash Coding with Allowable Errors},
  journal = {Communications of the ACM},
  volume = {13},
  number = {7},
  pages = {422--426},
  year = {1970}
}

@article{carter1978,
  author = {Carter, J. Lawrence and Wegman, Mark N.},
  title = {Universal Classes of Hash Functions},
  journal = {Journal of Computer and System Sciences},
  volume = {18},
  number = {2},
  pages = {143--154},
  year = {1978}
}

% Differential Privacy
@inproceedings{dwork2006,
  author = {Dwork, Cynthia},
  title = {Differential Privacy},
  booktitle = {ICALP},
  pages = {1--12},
  year = {2006}
}

@inproceedings{mcsherry2007,
  author = {McSherry, Frank and Talwar, Kunal},
  title = {Mechanism Design via Differential Privacy},
  booktitle = {FOCS},
  pages = {94--103},
  year = {2007}
}

% Probabilistic Data Structures
@inproceedings{fan2014,
  author = {Fan, Bin and Andersen, Dave G. and Kaminsky, Michael and Mitzenmacher, Michael D.},
  title = {Cuckoo Filter: Practically Better Than Bloom},
  booktitle = {CoNEXT},
  pages = {75--88},
  year = {2014}
}

@article{cormode2005,
  author = {Cormode, Graham and Muthukrishnan, S.},
  title = {An Improved Data Stream Summary: The Count-Min Sketch and its Applications},
  journal = {Journal of Algorithms},
  volume = {55},
  number = {1},
  pages = {58--75},
  year = {2005}
}

@inproceedings{flajolet2007,
  author = {Flajolet, Philippe and Fusy, {\'E}ric and Gandouet, Olivier and Meunier, Fr{\'e}d{\'e}ric},
  title = {HyperLogLog: The Analysis of a Near-optimal Cardinality Estimation Algorithm},
  booktitle = {AofA},
  pages = {127--146},
  year = {2007}
}

% Cryptographic Foundations
@inproceedings{goldreich1996,
  author = {Goldreich, Oded and Ostrovsky, Rafail},
  title = {Software Protection and Simulation on Oblivious RAMs},
  booktitle = {Journal of the ACM},
  volume = {43},
  number = {3},
  pages = {431--473},
  year = {1996}
}

@article{chor1995,
  author = {Chor, Benny and Goldreich, Oded and Kushilevitz, Eyal and Sudan, Madhu},
  title = {Private Information Retrieval},
  journal = {Journal of the ACM},
  volume = {45},
  number = {6},
  pages = {965--981},
  year = {1998}
}

% LSH and Similarity
@inproceedings{indyk1998,
  author = {Indyk, Piotr and Motwani, Rajeev},
  title = {Approximate Nearest Neighbors: Towards Removing the Curse of Dimensionality},
  booktitle = {STOC},
  pages = {604--613},
  year = {1998}
}

% Type Systems
@inproceedings{gordon2014,
  author = {Gordon, Andrew D. and Henzinger, Thomas A. and Nori, Aditya V. and Rajamani, Sriram K.},
  title = {Probabilistic Programming},
  booktitle = {ICSE},
  pages = {167--181},
  year = {2014}
}

@inproceedings{reed2010,
  author = {Reed, Jason and Pierce, Benjamin C.},
  title = {Distance Makes the Types Grow Stronger: A Calculus for Differential Privacy},
  booktitle = {ICFP},
  pages = {157--168},
  year = {2010}
}

@inproceedings{sampson2011,
  author = {Sampson, Adrian and Dietl, Werner and Fortuna, Emily and Gnanapragasam, Danushen and Ceze, Luis and Grossman, Dan},
  title = {EnerJ: Approximate Data Types for Safe and General Low-Power Computation},
  booktitle = {PLDI},
  pages = {164--174},
  year = {2011}
}

% Implementation and Optimization
@article{kirsch2008,
  author = {Kirsch, Adam and Mitzenmacher, Michael},
  title = {Less Hashing, Same Performance: Building a Better Bloom Filter},
  journal = {Random Structures \& Algorithms},
  volume = {33},
  number = {2},
  pages = {187--218},
  year = {2008}
}

@inproceedings{putze2009,
  author = {Putze, Felix and Sanders, Peter and Singler, Johannes},
  title = {Cache-, Hash- and Space-Efficient Bloom Filters},
  booktitle = {WEA},
  pages = {108--121},
  year = {2009}
}

@article{bender2012,
  author = {Bender, Michael A. and Farach-Colton, Martin and Johnson, Rob and Kraner, Russell and Kuszmaul, Bradley C. and Medjedovic, Dzejla and Montes, Pablo and Shetty, Pradeep and Spillane, Richard P. and Zadok, Erez},
  title = {Don't Thrash: How to Cache Your Hash on Flash},
  journal = {PVLDB},
  volume = {5},
  number = {11},
  pages = {1627--1637},
  year = {2012}
}

% Books and Surveys
@book{mitzenmacher2005,
  author = {Mitzenmacher, Michael and Upfal, Eli},
  title = {Probability and Computing: Randomized Algorithms and Probabilistic Analysis},
  publisher = {Cambridge University Press},
  year = {2005}
}

@article{broder2004,
  author = {Broder, Andrei and Mitzenmacher, Michael},
  title = {Network Applications of Bloom Filters: A Survey},
  journal = {Internet Mathematics},
  volume = {1},
  number = {4},
  pages = {485--509},
  year = {2004}
}

% Abstract Interpretation
@inproceedings{cousot1977,
  author = {Cousot, Patrick and Cousot, Radhia},
  title = {Abstract Interpretation: A Unified Lattice Model for Static Analysis of Programs by Construction or Approximation of Fixpoints},
  booktitle = {POPL},
  pages = {238--252},
  year = {1977}
}

% Interval and Affine Arithmetic
@book{moore1966,
  author = {Moore, Ramon E.},
  title = {Interval Analysis},
  publisher = {Prentice-Hall},
  year = {1966}
}

@techreport{stolfi1997,
  author = {Stolfi, Jorge and de Figueiredo, Luiz Henrique},
  title = {Self-Validated Numerical Methods and Applications},
  institution = {IMPA},
  year = {1997}
}