% Original historical papers consolidated in this work
@unpublished{towell2017first,
    title={First-order random approximate set model and corresponding random binary classification measures},
    author={Alexander Towell},
    year={2017},
    note={Original manuscript, SIUE}
}

@unpublished{towell2018second,
    title={Second-order random approximate set model with asymmetric error rates},
    author={Alexander Towell},
    year={2018},
    note={Original manuscript, SIUE}
}

@unpublished{towell2019higher,
    title={An algebra of random approximate sets with derivations of higher-order random approximate sets},
    author={Alexander Towell},
    year={2019},
    note={Original manuscript, SIUE}
}

@unpublished{towell2017model,
    title={Random approximate set model and probability spaces},
    author={Alexander Towell},
    year={2017},
    note={Original manuscript, SIUE}
}

% Classic references
@article{bloom1970,
    title={Space/time trade-offs in hash coding with allowable errors},
    author={Bloom, Burton H.},
    journal={Communications of the ACM},
    volume={13},
    number={7},
    pages={422--426},
    year={1970},
    publisher={ACM}
}

@article{carter1979,
    title={Exact and approximate membership testers},
    author={Carter, Larry and Floyd, Robert and Gill, John and Markowsky, George and Wegman, Mark},
    journal={Proceedings of the 10th Annual ACM Symposium on Theory of Computing},
    pages={59--65},
    year={1979}
}

@inproceedings{fan2014cuckoo,
    title={Cuckoo filter: Practically better than bloom},
    author={Fan, Bin and Andersen, Dave G and Kaminsky, Michael and Mitzenmacher, Michael D},
    booktitle={Proceedings of the 10th ACM International on Conference on emerging Networking Experiments and Technologies},
    pages={75--88},
    year={2014}
}

@article{bender2012quotient,
    title={Don't thrash: how to cache your hash on flash},
    author={Bender, Michael A and Farach-Colton, Martin and Johnson, Rob and Kraner, Russell and Kuszmaul, Bradley C and Medjedovic, Dzejla and Montes, Pablo and Shetty, Pradeep and Spillane, Richard P and Zadok, Erez},
    journal={Proceedings of the VLDB Endowment},
    volume={5},
    number={11},
    pages={1627--1637},
    year={2012}
}

% Information theory
@article{shannon1948,
    title={A mathematical theory of communication},
    author={Shannon, Claude E},
    journal={Bell System Technical Journal},
    volume={27},
    number={3},
    pages={379--423},
    year={1948}
}

@book{cover2006,
    title={Elements of information theory},
    author={Cover, Thomas M and Thomas, Joy A},
    year={2006},
    publisher={John Wiley \& Sons}
}

% Streaming algorithms
@article{cormode2005,
    title={An improved data stream summary: the count-min sketch and its applications},
    author={Cormode, Graham and Muthukrishnan, S.},
    journal={Journal of Algorithms},
    volume={55},
    number={1},
    pages={58--75},
    year={2005}
}

@article{flajolet2007,
    title={HyperLogLog: the analysis of a near-optimal cardinality estimation algorithm},
    author={Flajolet, Philippe and Fusy, {\'E}ric and Gandouet, Olivier and Meunier, Fr{\'e}d{\'e}ric},
    journal={Analysis of Algorithms},
    pages={137--156},
    year={2007}
}

% Privacy and cryptography
@inproceedings{song2000,
    title={Practical techniques for searches on encrypted data},
    author={Song, Dawn Xiaoding and Wagner, David and Perrig, Adrian},
    booktitle={Proceeding 2000 IEEE Symposium on Security and Privacy},
    pages={44--55},
    year={2000},
    organization={IEEE}
}

@article{cash2013,
    title={Highly-scalable searchable symmetric encryption with support for boolean queries},
    author={Cash, David and Jarecki, Stanislaw and Jutla, Charanjit and Krawczyk, Hugo and Ro{\c{s}}u, Marcel-C{\u{a}}t{\u{a}}lin and Steiner, Michael},
    journal={Annual Cryptology Conference},
    pages={353--373},
    year={2013},
    organization={Springer}
}

% Modern developments
@inproceedings{kraska2018,
    title={The case for learned index structures},
    author={Kraska, Tim and Beutel, Alex and Chi, Ed H and Dean, Jeffrey and Polyzotis, Neoklis},
    booktitle={Proceedings of the 2018 International Conference on Management of Data},
    pages={489--504},
    year={2018}
}

@article{mitzenmacher2018,
    title={A model for learned bloom filters and optimizing by sandwiching},
    author={Mitzenmacher, Michael},
    journal={Advances in Neural Information Processing Systems},
    volume={31},
    year={2018}
}

% Mathematical foundations
@book{mitzenmacher2005,
    title={Probability and computing: Randomized algorithms and probabilistic analysis},
    author={Mitzenmacher, Michael and Upfal, Eli},
    year={2005},
    publisher={Cambridge University Press}
}

@book{motwani1995,
    title={Randomized algorithms},
    author={Motwani, Rajeev and Raghavan, Prabhakar},
    year={1995},
    publisher={Cambridge University Press}
}

% Related work on probabilistic data structures
@article{broder2004,
    title={Network applications of bloom filters: A survey},
    author={Broder, Andrei and Mitzenmacher, Michael},
    journal={Internet Mathematics},
    volume={1},
    number={4},
    pages={485--509},
    year={2004}
}

@article{tarkoma2012,
    title={Theory and practice of bloom filters for distributed systems},
    author={Tarkoma, Sasu and Rothenberg, Christian Esteve and Lagerspetz, Eemil},
    journal={IEEE Communications Surveys \& Tutorials},
    volume={14},
    number={1},
    pages={131--155},
    year={2012},
    publisher={IEEE}
}

% Perfect hashing references
@article{botelho2007,
    title={Simple and space-efficient minimal perfect hash functions},
    author={Botelho, Fabiano C and Pagh, Rasmus and Ziviani, Nivio},
    journal={Workshop on Algorithms and Data Structures},
    pages={139--150},
    year={2007},
    publisher={Springer}
}

@inproceedings{belazzougui2009,
    title={Compress, hash and displace},
    author={Belazzougui, Djamal and Botelho, Fabiano C and Dietzfelbinger, Martin},
    booktitle={European Symposium on Algorithms},
    pages={682--693},
    year={2009},
    publisher={Springer}
}

% Database and information retrieval
@book{manning2008,
    title={Introduction to information retrieval},
    author={Manning, Christopher D and Raghavan, Prabhakar and Sch{\"u}tze, Hinrich},
    year={2008},
    publisher={Cambridge University Press}
}

@article{zobel2006,
    title={Inverted files for text search engines},
    author={Zobel, Justin and Moffat, Alistair},
    journal={ACM Computing Surveys},
    volume={38},
    number={2},
    pages={6--es},
    year={2006},
    publisher={ACM}
}