@inproceedings{towell2016estimating,
  title={Estimating Confidentiality of Encrypted Searches using a Moving Average Bootstrap Method},
  author={Towell, Alexander and Fujinoki, Hiroshi},
  booktitle={Proceedings of the International Conference on Security and Management},
  year={2016},
  organization={CSREA Press}
}

@article{bloom1970,
  title={Space/time trade-offs in hash coding with allowable errors},
  author={Bloom, Burton H},
  journal={Communications of the ACM},
  volume={13},
  number={7},
  pages={422--426},
  year={1970},
  publisher={ACM}
}

@inproceedings{fan2000,
  title={Summary cache: a scalable wide-area web cache sharing protocol},
  author={Fan, Li and Cao, Pei and Almeida, Jussara and Broder, Andrei Z},
  booktitle={IEEE/ACM Transactions on Networking},
  volume={8},
  number={3},
  pages={281--293},
  year={2000},
  organization={IEEE}
}

@inproceedings{fan2014,
  title={Cuckoo filter: Practically better than bloom},
  author={Fan, Bin and Andersen, Dave G and Kaminsky, Michael and Mitzenmacher, Michael D},
  booktitle={Proceedings of the 10th ACM International on Conference on emerging Networking Experiments and Technologies},
  pages={75--88},
  year={2014}
}

@inproceedings{bender2012,
  title={Don't thrash: how to cache your hash on flash},
  author={Bender, Michael A and Farach-Colton, Martin and Johnson, Rob and Kraner, Russell and Kuszmaul, Bradley C and Medjedovic, Dzejla and Montes, Pablo and Shetty, Pradeep and Spillane, Richard P and Zadok, Erez},
  booktitle={Proceedings of the VLDB Endowment},
  volume={5},
  number={11},
  pages={1627--1637},
  year={2012}
}

@inproceedings{cormode2005,
  title={An improved data stream summary: the count-min sketch and its applications},
  author={Cormode, Graham and Muthukrishnan, S},
  booktitle={Journal of Algorithms},
  volume={55},
  number={1},
  pages={58--75},
  year={2005},
  organization={Elsevier}
}

@inproceedings{flajolet2007,
  title={Hyperloglog: the analysis of a near-optimal cardinality estimation algorithm},
  author={Flajolet, Philippe and Fusy, {\'E}ric and Gandouet, Olivier and Meunier, Fr{\'e}d{\'e}ric},
  booktitle={Discrete Mathematics and Theoretical Computer Science},
  pages={137--156},
  year={2007}
}

@inproceedings{han2013,
  title={Approximate computing: An emerging paradigm for energy-efficient design},
  author={Han, Jie and Orshansky, Michael},
  booktitle={2013 18th IEEE European Test Symposium (ETS)},
  pages={1--6},
  year={2013},
  organization={IEEE}
}

@inproceedings{sampson2011,
  title={EnerJ: Approximate data types for safe and general low-power computation},
  author={Sampson, Adrian and Dietl, Werner and Fortuna, Emily and Gnanapragasam, Danushen and Ceze, Luis and Grossman, Dan},
  booktitle={ACM SIGPLAN Notices},
  volume={46},
  number={6},
  pages={164--174},
  year={2011},
  organization={ACM}
}

@inproceedings{dwork2006,
  title={Calibrating noise to sensitivity in private data analysis},
  author={Dwork, Cynthia and McSherry, Frank and Nissim, Kobbi and Smith, Adam},
  booktitle={Theory of cryptography conference},
  pages={265--284},
  year={2006},
  organization={Springer}
}

@article{miller1976,
  title={Riemann's hypothesis and tests for primality},
  author={Miller, Gary L},
  journal={Journal of computer and system sciences},
  volume={13},
  number={3},
  pages={300--317},
  year={1976},
  publisher={Elsevier}
}

@article{rabin1980,
  title={Probabilistic algorithm for testing primality},
  author={Rabin, Michael O},
  journal={Journal of number theory},
  volume={12},
  number={1},
  pages={128--138},
  year={1980},
  publisher={Elsevier}
}

@book{stepanov2014,
  title={From mathematics to generic programming},
  author={Stepanov, Alexander and Rose, Daniel E},
  year={2014},
  publisher={Pearson Education}
}

@article{shannon1948,
  title={A mathematical theory of communication},
  author={Shannon, Claude E},
  journal={The Bell system technical journal},
  volume={27},
  number={3},
  pages={379--423},
  year={1948},
  publisher={Nokia Bell Labs}
}

@book{motwani1995,
  title={Randomized algorithms},
  author={Motwani, Rajeev and Raghavan, Prabhakar},
  year={1995},
  publisher={Cambridge University Press}
}

@book{goldreich2017,
  title={Introduction to property testing},
  author={Goldreich, Oded},
  year={2017},
  publisher={Cambridge University Press}
}

@article{valiant1984,
  title={A theory of the learnable},
  author={Valiant, Leslie G},
  journal={Communications of the ACM},
  volume={27},
  number={11},
  pages={1134--1142},
  year={1984},
  publisher={ACM}
}

@inproceedings{mcsherry2007,
  title={Mechanism design via differential privacy},
  author={McSherry, Frank and Talwar, Kunal},
  booktitle={48th Annual IEEE Symposium on Foundations of Computer Science (FOCS'07)},
  pages={94--103},
  year={2007},
  organization={IEEE}
}

@inproceedings{goodman2008,
  title={Church: a language for generative models},
  author={Goodman, Noah and Mansinghka, Vikash and Roy, Daniel and Bonawitz, Keith and Tenenbaum, Joshua B},
  booktitle={Proceedings of the Twenty-Fourth Conference on Uncertainty in Artificial Intelligence},
  pages={220--229},
  year={2008}
}

@article{carpenter2017,
  title={Stan: A probabilistic programming language},
  author={Carpenter, Bob and Gelman, Andrew and Hoffman, Matthew D and Lee, Daniel and Goodrich, Ben and Betancourt, Michael and Brubaker, Marcus and Guo, Jiqiang and Li, Peter and Riddell, Allen},
  journal={Journal of statistical software},
  volume={76},
  number={1},
  year={2017}
}

@article{zadeh1965,
  title={Fuzzy sets},
  author={Zadeh, Lotfi A},
  journal={Information and control},
  volume={8},
  number={3},
  pages={338--353},
  year={1965},
  publisher={Elsevier}
}

@inproceedings{shapiro2011,
  title={Conflict-free replicated data types},
  author={Shapiro, Marc and Pregui{\c{c}}a, Nuno and Baquero, Carlos and Zawirski, Marek},
  booktitle={International symposium on stabilization, safety, and security of distributed systems},
  pages={386--400},
  year={2011},
  organization={Springer}
}

@inproceedings{hoffmann2011,
  title={Dynamic knobs for responsive power-aware computing},
  author={Hoffmann, Henry and Sidiroglou, Stelios and Carbin, Michael and Misailovic, Sasa and Agarwal, Anant and Rinard, Martin},
  booktitle={ACM SIGPLAN Notices},
  volume={46},
  number={3},
  pages={199--212},
  year={2011},
  organization={ACM}
}